<?xml version="1.0" encoding="UTF-8"?><record xmlns="http://www.loc.gov/MARC21/slim" xmlns:cinclude="http://apache.org/cocoon/include/1.0" xmlns:zs="http://www.loc.gov/zing/srw/">
  <leader>00388nz  a2200121n  4500</leader>
  <controlfield tag="001">n  89616532 </controlfield>
  <controlfield tag="003">DLC</controlfield>
  <controlfield tag="005">19890320111037.2</controlfield>
  <controlfield tag="008">890320n| acannaab|          |n aad |||  </controlfield>
  <datafield tag="010" ind1=" " ind2=" ">
    <subfield code="a">n  89616532 </subfield>
  </datafield>
  <datafield tag="040" ind1=" " ind2=" ">
    <subfield code="a">DLC</subfield>
    <subfield code="c">DLC</subfield>
  </datafield>
  <datafield tag="100" ind1="1" ind2="0">
    <subfield code="a">Rinden, Constance T.</subfield>
  </datafield>
  <datafield tag="670" ind1=" " ind2=" ">
    <subfield code="a">nuc89-28334: New Hampshire constitutional amendment ... 1984</subfield>
    <subfield code="b">(hdg. on NhD rept.: Rinden, Constance T.; usage: Constance T. Rinden)</subfield>
  </datafield>
</record>